@article{besse2002apparent,
  title={Apparent and true polar wander and the geometry of the geomagnetic field over the last 200 Myr},
  author={Besse, Jean and Courtillot, Vincent},
  journal={Journal of Geophysical Research: Solid Earth},
  volume={107},
  number={B11},
  pages={EPM--6},
  year={2002},
  publisher={Wiley Online Library}
}



@article{Feynman1963118,
  title   = "The theory of a general quantum system interacting with a linear dissipative system",
  journal = "Annals of Physics ",
  volume  = "24",
  pages   = "118--173",
  year    = "1963",
  doi     = "10.1016/0003-4916(63)90068-X",
  author  = "R.P Feynman and F.L {Vernon Jr.}"
}
